<record><leader>00000cas a2200000 a 4500</leader><controlfield tag="001">37278327</controlfield><controlfield tag="008">970711d19uu1939oruwr ne      0    0eng c</controlfield><datafield ind1=" " ind2=" " tag="010"><subfield code="a">sn 96088191 </subfield></datafield><datafield ind1=" " ind2=" " tag="040"><subfield code="a">OCN</subfield><subfield code="b">eng</subfield><subfield code="c">OCN</subfield><subfield code="d">OCLCQ</subfield><subfield code="d">OCLCF</subfield><subfield code="d">OCLCO</subfield></datafield><datafield ind1="1" ind2=" " tag="029"><subfield code="a">AU@</subfield><subfield code="b">000013334100</subfield></datafield><datafield ind1=" " ind2=" " tag="042"><subfield code="a">pcc</subfield></datafield><datafield ind1=" " ind2=" " tag="043"><subfield code="a">n-us-or</subfield></datafield><datafield ind1="0" ind2="0" tag="245"><subfield code="a">Eastern Oregon news.</subfield></datafield><datafield ind1=" " ind2=" " tag="260"><subfield code="a">Baker, Or. :</subfield><subfield code="b">Ryder Bros.,</subfield><subfield code="c">-1939.</subfield></datafield><datafield ind1=" " ind2=" " tag="300"><subfield code="a">v.</subfield></datafield><datafield ind1=" " ind2=" " tag="310"><subfield code="a">Weekly</subfield></datafield><datafield ind1="0" ind2=" " tag="362"><subfield code="a">-v. 8, no. 34 (Dec. 1, 1939).</subfield></datafield><datafield ind1=" " ind2=" " tag="588"><subfield code="a">Description based on: Vol. 2, no. 12 (June 30, 1933).</subfield></datafield><datafield ind1=" " ind2="0" tag="651"><subfield code="a">Baker City (Or.)</subfield><subfield code="v">Newspapers.</subfield></datafield><datafield ind1=" " ind2="7" tag="655"><subfield code="a">Newspapers.</subfield><subfield code="2">fast</subfield><subfield code="0">(OCoLC)fst01423814</subfield></datafield><datafield ind1=" " ind2="7" tag="651"><subfield code="a">Oregon</subfield><subfield code="z">Baker City.</subfield><subfield code="2">fast</subfield><subfield code="0">(OCoLC)fst01226322</subfield></datafield><datafield ind1=" " ind2=" " tag="752"><subfield code="a">United States</subfield><subfield code="b">Oregon</subfield><subfield code="c">Baker</subfield><subfield code="d">Baker City.</subfield></datafield><datafield ind1="0" ind2="4" tag="785"><subfield code="t">Record courier (Haines, Or.)</subfield><subfield code="w">(DLC)sn 96088202</subfield></datafield></record>